<record><leader>00000cas a22000007a 4500</leader><controlfield tag="001">18004756</controlfield><controlfield tag="008">880526d18771881nyuwr ne      0    0eng d</controlfield><datafield ind1=" " ind2=" " tag="010"><subfield code="a">sn 88074428 </subfield></datafield><datafield ind1=" " ind2=" " tag="040"><subfield code="a">NYS</subfield><subfield code="b">eng</subfield><subfield code="c">NYS</subfield><subfield code="d">OCLCQ</subfield></datafield><datafield ind1=" " ind2=" " tag="042"><subfield code="a">msc</subfield></datafield><datafield ind1="0" ind2=" " tag="130"><subfield code="a">Herald (Perry, N.Y.)</subfield></datafield><datafield ind1="1" ind2="4" tag="245"><subfield code="a">The herald.</subfield></datafield><datafield ind1="1" ind2="3" tag="246"><subfield code="a">Wyoming County herald</subfield></datafield><datafield ind1=" " ind2=" " tag="260"><subfield code="a">Perry, N.Y. :</subfield><subfield code="b">[s.n.],</subfield><subfield code="c">1877-1881.</subfield></datafield><datafield ind1=" " ind2=" " tag="300"><subfield code="a">v.</subfield></datafield><datafield ind1=" " ind2=" " tag="310"><subfield code="a">Weekly</subfield></datafield><datafield ind1="0" ind2=" " tag="362"><subfield code="a">Vol. 1, no. 24 (Dec. 27, 1877)-v. 5, no. 27 (Dec. 30, 1881).</subfield></datafield><datafield ind1=" " ind2="4" tag="651"><subfield code="a">Perry (N.Y.)</subfield><subfield code="v">Newspapers.</subfield></datafield><datafield ind1=" " ind2=" " tag="752"><subfield code="a">United States</subfield><subfield code="b">New York</subfield><subfield code="c">Wyoming</subfield><subfield code="d">Perry.</subfield></datafield><datafield ind1="0" ind2="0" tag="780"><subfield code="t">Wyoming County herald (Perry, N.Y.)</subfield><subfield code="w">(DLC)sn 88074427</subfield><subfield code="w">(OCoLC)18004671</subfield></datafield><datafield ind1="0" ind2="0" tag="785"><subfield code="t">Perry herald (Perry, N.Y. : 1882)</subfield><subfield code="w">(DLC)sn 88074429</subfield><subfield code="w">(OCoLC)18004974</subfield></datafield><datafield ind1="1" ind2=" " tag="029"><subfield code="a">AU@</subfield><subfield code="b">000020519748</subfield></datafield></record>